@misc{ProjecPlan,
	author       = {{Free Management Books}},
	howpublished = {\url{http://www.free-management-ebooks.com/faqpm/processes-04.htm}},
	title        = {Project Excecution Process (2020. május 23.)},
}
@misc{industry40,	
	author       = {{Aethon}},
	howpublished = {\url{https://aethon.com/mobile-robots-and-industry4-0/}},
	title        = {Industry 4.0 components (2020. május 23.)},
}
@misc{drone-delivery,	
	author       = {{Verband für umbemannte Luftfahrt}},
	howpublished = {\url{https://www.uavdach.org/?p=1294813}},
	title        = {Amazon’s New Delivery Drone has ‘Fail-Safe Logic (2020. május 23.)},
}
@misc{concert,	
	author       = {{Frank Tobe}},
	howpublished = {\url{https://www.therobotreport.com/lady-gaga-300-intel-drones-and-the-super-bowl/}},
	title        = {Lady Gaga, 300 Intel drones, and the Super Bowl (2020. május 23.)},
}
@misc{super-bowl-pic,	
	author       = {{Jacob Brogen}},
	howpublished = {\url{https://slate.com/technology/2017/02/how-the-intel-drones-at-the-lady-gaga-super-bowl-halftime-show-worked.html}},
	title        = {How Intel Lit Up the Super Bowl With Drones—and Why (2020. május 23.)},
}
@misc{compose,	
	author       = {{Docker docs}},
	howpublished = {\url{https://docs.docker.com/compose/}},
	title        = {Overview of Docker Compose (2020. május 24.)},
}
@misc{docker-swarm,	
	author       = {{Mohamed Fawzy}},
	howpublished = {\url{https://medium.com/tech-tajawal/create-cluster-using-docker-swarm-94d7b2a10c43}},
	title        = {Create Cluster using docker swarm (2020. május 24.)},
}
@misc{kube-arch,	
	author       = {{Kubernetes}},
	howpublished = {\url{https://v1-17.docs.kubernetes.io/docs/concepts/architecture/cloud-controller/}},
	title        = {Concepts Underlying the Cloud Controller Manager (2020. május 25.)},
}
@thesis{robtel,
	author      = {Juhász Ádám},
	institution = {Debreceni Egyetem Informatikai Kar},
	title       = {Robotvezérlés telekommunikációs eszközökkel},
	type        = {phdthesis},
	year        = {2008},
}
@misc{mantisq,	
	author       = {{Yuneec}},
	howpublished = {\url{https://www.yuneec.com/en_GB/camera-drones/mantis-q/overview.html}},
	title        = {Mantis Q (2020. május 25.)},
}
@misc{roswiki,	
	author       = {{ROS}},
	howpublished = {\url{http://wiki.ros.org/}},
	title        = {Wiki (2020. május 25.)},
}
@misc{multi-vehicle,	
	author       = {{Jaeyoung Lim}},
	howpublished = {\url{https://auterion.com/multi-vehicle-drone-simulation-in-gazebo/}},
	title        = {Multi-vehicle drone simulation in Gazebo (2020. május 27.)},
}
@misc{mavlink,	
	author       = {{Mavlink}},
	howpublished = {\url{https://mavlink.io/en/}},
	title        = {MAVLink Developer Guide (2020. május 25.)},
}
@misc{px4,	
	author       = {{PX4 developers}},
	howpublished = {\url{https://px4.io/}},
	title        = {Open Source Autopilot (2020. május 26.)},
}
@misc{px4dev,	
	author       = {{PX4}},
	howpublished = {\url{https://dev.px4.io/v1.9.0/en/simulation/}},
	title        = {ROS with Gazebo Simulation (2020. május 26.)},
}
@book{toki,
	author    = {Dr. Györfi László and Győri Sándor and Dr. Pintér Márta},
	publisher = {Műegyetemi Kiadó},
	title     = {Tömegkiszolgálás},
	year      = {2002},
}
@misc{typesofkubernetes,	
	author       = {{Peter Benjamin (petermbenjamin Reddit user)}},
	howpublished = {\url{https://www.reddit.com/r/kubernetes/comments/be0415/k3s_minikube_or_microk8s/}},
	title        = {K3s, minikube or microk8s? (2020. december 6.)},
}
@misc{typesofkubernetes2,	
	author       = {{Cyprien Lecallier}},
	howpublished = {\url{https://www.padok.fr/en/blog/minikube-kubeadm-kind-k3s}},
	title        = {MiniKube, Kubeadm, Kind, K3S, how to get started on Kubernetes? (2020. december 6.)},
}
@misc{k8svsk3s,	
	author       = {{Andy Jeffries}},
	howpublished = {\url{https://www.civo.com/blog/k8s-vs-k3s}},
	title        = {What’s the difference between k3s vs k8s? (2020. december 6.)},
}
@misc{kservice,	
	author       = {{Kubernetes Documentation}},
	howpublished = {\url{https://kubernetes.io/docs/concepts/services-networking/service/}},
	title        = {Service (2020. november 24.)},
}
@misc{nodeport,	
	author       = {{Sandeep Dinesh}},
	howpublished = {\url{https://medium.com/google-cloud/kubernetes-nodeport-vs-loadbalancer-vs-ingress-when-should-i-use-what-922f010849e0}},
	title        = {Kubernetes NodePort vs LoadBalancer vs Ingress? When should I use what? (2020. november 24.)},
}
@article{portforward,
	author       = {Sami Salama Hussen Hajjaj and Khairul Saleh Mohamed Sahari},
	journaltitle = {International Journal of Advanced Robotic Systems},
	month        = {05},
	number       = {1-13},
	title        = {Establishing remote networks for ROS applications via Port Forwarding: A detailed tutorial},
	year         = {2017},
}
@article{rosjoin,
	author       = {Pushyami Kaveti, Hanumant Singh},
	journaltitle = {Northeastern University, Boston, MA 02130},
	month        = {10},
	number       = {5},
	title        = {ROS Rescue : Fault Tolerance System for Robot Operating System},
	year         = {2019},
}
% Példák

@book{Wettl04,
  author    = {Ferenc Wettl and Gyula Mayer and Péter Szabó},
  publisher = {Panem Könyvkiadó},
  title     = {\LaTeX~kézikönyv},
  year      = {2004},
}

@article{Candy86,
  author       = {James C. Candy},
  journaltitle = {{IEEE} Trans.\ on Communications},
  month        = {01},
  note         = {\doi{10.1109/TCOM.1986.1096432}},
  number       = {1},
  pages        = {72--76},
  title        = {Decimation for Sigma Delta Modulation},
  volume       = {34},
  year         = {1986},
}

@inproceedings{Lee87,
  author    = {Wai L. Lee and Charles G. Sodini},
  booktitle = {Proc.\ of the IEEE International Symposium on Circuits and Systems},
  location  = {Philadelphia, PA, USA},
  month     = {05~4--7},
  pages     = {459--462},
  title     = {A Topology for Higher Order Interpolative Coders},
  vol       = {2},
  year      = {1987},
}

@thesis{KissPhD,
  author      = {Peter Kiss},
  institution = {Technical University of Timi\c{s}oara, Romania},
  month       = {04},
  title       = {Adaptive Digital Compensation of Analog Circuit Imperfections for Cascaded Delta-Sigma Analog-to-Digital Converters},
  type        = {phdthesis},
  year        = {2000},
}

@manual{Schreier00,
  author       = {Richard Schreier},
  month        = {01},
  note         = {\url{http://www.mathworks.com/matlabcentral/fileexchange/}},
  organization = {Oregon State University},
  title        = {The Delta-Sigma Toolbox v5.2},
  year         = {2000},
}

@misc{DipPortal,
  author       = {{Budapesti Műszaki és Gazdaságtudományi Egyetem Villamosmérnöki és Informatikai Kar}},
  howpublished = {\url{http://diplomaterv.vik.bme.hu/}},
  title        = {Diplomaterv portál (2011. február 26.)},
}

@incollection{Mkrtychev:1997,
  author    = {Mkrtychev, Alexey},
  booktitle = {Logical Foundations of Computer Science},
  doi       = {10.1007/3-540-63045-7_27},
  editor    = {Adian, Sergei and Nerode, Anil},
  isbn      = {978-3-540-63045-6},
  pages     = {266-275},
  publisher = {Springer Berlin Heidelberg},
  series    = {Lecture Notes in Computer Science},
  title     = {Models for the logic of proofs},
  url       = {http://dx.doi.org/10.1007/3-540-63045-7_27},
  volume    = {1234},
  year      = {1997},
}

@report{Jeney,
  author      = {Jeney, Gábor},
  institution = {Budapesti Műszaki és Gazdaságtudományi Egyetem, Híradástechnikai Tanszék},
  location    = {Budapest},
  note        = {\url{http://www.mcl.hu/~jeneyg/kinezet.pdf}},
  title       = {Hogyan néz ki egy igényes dokumentum? {N}éhány szóban az alapvető tipográfiai szabályokról},
  type        = {techreport},
  year        = {2014},
}

